<record><leader>00000cas a22000007a 4500</leader><controlfield tag="001">9352226</controlfield><controlfield tag="008">830328c18829999meuir ne      0    0eng  </controlfield><datafield ind1=" " ind2=" " tag="010"><subfield code="a">sn 83016053 </subfield></datafield><datafield ind1=" " ind2=" " tag="040"><subfield code="a">DLC</subfield><subfield code="b">eng</subfield><subfield code="c">DLC</subfield><subfield code="d">NPX</subfield><subfield code="d">NPU</subfield><subfield code="d">DLC</subfield><subfield code="d">YOX</subfield><subfield code="d">MBN</subfield><subfield code="d">DLC</subfield><subfield code="d">OCLCF</subfield></datafield><datafield ind1="1" ind2=" " tag="029"><subfield code="a">AU@</subfield><subfield code="b">000020398783</subfield></datafield><datafield ind1=" " ind2=" " tag="037"><subfield code="b">P.O. Box 249, Rockland, ME 04841</subfield></datafield><datafield ind1=" " ind2=" " tag="042"><subfield code="a">msc</subfield></datafield><datafield ind1=" " ind2=" " tag="043"><subfield code="a">n-us-me</subfield></datafield><datafield ind1="0" ind2="0" tag="050"><subfield code="a">Newspaper</subfield></datafield><datafield ind1="0" ind2=" " tag="130"><subfield code="a">Courier-gazette (Rockland, Me.)</subfield></datafield><datafield ind1="1" ind2="4" tag="245"><subfield code="a">The Courier-gazette.</subfield></datafield><datafield ind1="1" ind2="0" tag="246"><subfield code="a">Courier gazette</subfield></datafield><datafield ind1="1" ind2="7" tag="246"><subfield code="a">Rockland courier-gazette</subfield></datafield><datafield ind1=" " ind2=" " tag="260"><subfield code="a">Rockland, Me. :</subfield><subfield code="b">Porter &amp; Fuller</subfield></datafield><datafield ind1=" " ind2=" " tag="300"><subfield code="a">v. :</subfield><subfield code="b">ill. (chiefly advertisements) ;</subfield><subfield code="c">56-68 cm.</subfield></datafield><datafield ind1=" " ind2=" " tag="310"><subfield code="a">Triweekly,</subfield><subfield code="b">Dec. 2, 1919-</subfield></datafield><datafield ind1=" " ind2=" " tag="321"><subfield code="a">Weekly,</subfield><subfield code="b">Jan. 24, 1882-Feb. 11, 1890</subfield></datafield><datafield ind1=" " ind2=" " tag="321"><subfield code="a">Semiweekly,</subfield><subfield code="b">Feb. 18-June 14, 1890</subfield></datafield><datafield ind1=" " ind2=" " tag="321"><subfield code="a">Weekly,</subfield><subfield code="b">June 17, 1890-Mar. 9, 1897</subfield></datafield><datafield ind1=" " ind2=" " tag="321"><subfield code="a">Semiweekly,</subfield><subfield code="b">Mar. 17, 1897-Nov. 28, 1919</subfield></datafield><datafield ind1="0" ind2=" " tag="362"><subfield code="a">New ser. Vol. 1, no. 1 (Jan. 24, 1882)-</subfield></datafield><datafield ind1=" " ind2=" " tag="500"><subfield code="a">"Independent Republican."</subfield></datafield><datafield ind1=" " ind2=" " tag="500"><subfield code="a">Published monthly supplement: July, 1890-&lt;Aug. 1891&gt;</subfield></datafield><datafield ind1=" " ind2=" " tag="500"><subfield code="a">Published a weekly summer supplement: Coastal courier, &lt;1962-1967&gt;</subfield></datafield><datafield ind1=" " ind2=" " tag="580"><subfield code="a">Formed by the union of:  Rockland courier, and: Rockland gazette.</subfield></datafield><datafield ind1=" " ind2="0" tag="651"><subfield code="a">Rockland (Me.)</subfield><subfield code="v">Newspapers.</subfield></datafield><datafield ind1=" " ind2="7" tag="655"><subfield code="a">Newspapers.</subfield><subfield code="2">fast</subfield><subfield code="0">(OCoLC)fst01423814</subfield></datafield><datafield ind1=" " ind2="7" tag="651"><subfield code="a">Maine</subfield><subfield code="z">Rockland.</subfield><subfield code="2">fast</subfield><subfield code="0">(OCoLC)fst01223542</subfield></datafield><datafield ind1=" " ind2=" " tag="752"><subfield code="a">United States</subfield><subfield code="b">Maine</subfield><subfield code="c">Knox</subfield><subfield code="d">Rockland.</subfield></datafield><datafield ind1="0" ind2="5" tag="780"><subfield code="t">Rockland tribune</subfield><subfield code="w">(DLC)sn 96075075</subfield></datafield><datafield ind1="0" ind2="5" tag="780"><subfield code="t">Union weekly times</subfield><subfield code="w">(DLC)sn 98065855</subfield></datafield><datafield ind1="1" ind2="4" tag="780"><subfield code="t">Rockland courier</subfield><subfield code="w">(DLC)sn 84022371</subfield></datafield><datafield ind1="1" ind2="4" tag="780"><subfield code="t">Rockland gazette</subfield><subfield code="w">(DLC)sn 83016052</subfield><subfield code="w">(OCoLC)9352031</subfield></datafield></record>